<?xml version='1.0' encoding='UTF-8'?>
<record xmlns="http://www.loc.gov/MARC21/slim">
  <leader>02140cam a2200397 a 4500</leader>
  <controlfield tag="001">3194513</controlfield>
  <controlfield tag="003">NjP</controlfield>
  <controlfield tag="005">20171214164941.0</controlfield>
  <controlfield tag="008">000607m19061908ua            000 0 arard</controlfield>
  <datafield tag="024" ind1="7" ind2=" ">
    <subfield code="a">princeton_aco002297</subfield>
    <subfield code="2">local</subfield>
  </datafield>
  <datafield ind1=" " ind2=" " tag="035">
    <subfield code="a">(OCoLC)15481255</subfield>
  </datafield>
  <datafield ind1=" " ind2=" " tag="035">
    <subfield code="a">(OCoLC)ocn179093685</subfield>
  </datafield>
  <datafield ind1=" " ind2=" " tag="035">
    <subfield code="a">(OCoLC)179093685</subfield>
  </datafield>
  <datafield ind1=" " ind2=" " tag="035">
    <subfield code="a">(FU)AJD4518UFB</subfield>
  </datafield>
  <datafield ind1=" " ind2=" " tag="035">
    <subfield code="a">(CStRLIN)FLUGAJD4518-B</subfield>
  </datafield>
  <datafield ind1=" " ind2=" " tag="035">
    <subfield code="9">GT00025TS</subfield>
  </datafield>
  <datafield ind1=" " ind2=" " tag="035">
    <subfield code="a">(NjP)3194513</subfield>
  </datafield>
  <datafield ind1=" " ind2=" " tag="040">
    <subfield code="a">FUG</subfield>
    <subfield code="c">PUL</subfield>
    <subfield code="d">PUL</subfield>
  </datafield>
  <datafield ind1=" " ind2=" " tag="043">
    <subfield code="a">f-ua---</subfield>
  </datafield>
  <datafield ind1=" " ind2=" " tag="049">
    <subfield code="a">PULL</subfield>
  </datafield>
  <datafield ind1=" " ind2=" " tag="079">
    <subfield code="a">ocm15481255</subfield>
  </datafield>
  <datafield ind1="1" ind2=" " tag="100">
    <subfield code="6">880-01</subfield>
    <subfield code="a">Maqrīzī, Aḥmad ibn ʻAlī,</subfield>
    <subfield code="d">1364-1442.</subfield>
    <subfield code="0">http://id.loc.gov/authorities/names/n80056737</subfield>
  </datafield>
  <datafield ind1="1" ind2="0" tag="245">
    <subfield code="6">880-02</subfield>
    <subfield code="a">Kitāb al-khiṭaṭ al-Maqrīzīyah :</subfield>
    <subfield code="b">al-musammāh bi-al-Mawāʻiẓ wa-al-iʻtibār bi dhikr al-khiṭaṭ wa-al-Āthār, yakhtaṣṣu dhālika bi-akhbār iqlīm Miṣr wa-al-Nīl wa-dhikr al-Qāhirah wa-mā yataʻallaqu bi-hā wa-bi-iqlīmihā /</subfield>
    <subfield code="c">taʼlīf Taqī al-Dīn Aḥmad ibn ʻAlī ibn ʻAbd al-Qādir, al-maʻrūf bi-al-Maqrīzī.</subfield>
  </datafield>
  <datafield ind1=" " ind2=" " tag="260">
    <subfield code="6">880-03</subfield>
    <subfield code="a">Miṣr :</subfield>
    <subfield code="b">Maṭbaʻat al-Nīl,</subfield>
    <subfield code="c">1324-26 [1906-1908]</subfield>
  </datafield>
  <datafield ind1=" " ind2=" " tag="300">
    <subfield code="a">4 v. ;</subfield>
    <subfield code="c">23 cm.</subfield>
  </datafield>
  <datafield ind1=" " ind2="0" tag="651">
    <subfield code="a">Egypt</subfield>
    <subfield code="v">Early works to 1800.</subfield>
  </datafield>
  <datafield ind1=" " ind2="0" tag="651">
    <subfield code="a">Egypt</subfield>
    <subfield code="x">Description and travel.</subfield>
    <subfield code="0">http://id.loc.gov/authorities/subjects/sh85041273</subfield>
  </datafield>
  <datafield ind1="3" ind2=" " tag="740">
    <subfield code="6">880-04</subfield>
    <subfield code="a">al-Khiṭaṭ al-Maqrīzīyah.</subfield>
  </datafield>
  <datafield ind1="3" ind2=" " tag="740">
    <subfield code="6">880-05</subfield>
    <subfield code="a">al-Mawāʻiẓ wa-al-iʻtibār.</subfield>
  </datafield>
  <datafield ind1="4" ind2=" " tag="856">
    <subfield code="u">http://catalog.hathitrust.org/Record/009026746</subfield>
  </datafield>
  <datafield ind1="1" ind2=" " tag="880">
    <subfield code="6">100-01/r</subfield>
    <subfield code="a">مقريزي، احمد بن علي،</subfield>
    <subfield code="d">1364-1442.</subfield>
  </datafield>
  <datafield ind1="1" ind2="0" tag="880">
    <subfield code="6">245-02/r</subfield>
    <subfield code="a">كتاب الخطط المقريزية :</subfield>
    <subfield code="b">المسماه بالمواعظ والاعتبار بذكر الخطط والآثار، يختص ذالك باخبار اقليم مصر والنيل وذكر القاهرة وما يتعلق بها وباقليمها /</subfield>
    <subfield code="c">تأليف تقي الدين احمد بن علي بن عبد القادر، المعروف بالمقريزي.</subfield>
  </datafield>
  <datafield ind1=" " ind2=" " tag="880">
    <subfield code="6">260-03/r</subfield>
    <subfield code="a">مصر :</subfield>
    <subfield code="b">مطبعة النيل،</subfield>
    <subfield code="c">1324-26 [1906-1908]</subfield>
  </datafield>
  <datafield ind1="3" ind2=" " tag="880">
    <subfield code="6">740-04/r</subfield>
    <subfield code="a">الخطط المقريزية.</subfield>
  </datafield>
  <datafield ind1="3" ind2=" " tag="880">
    <subfield code="6">740-05/r</subfield>
    <subfield code="a">المواعظ والاعتبار.</subfield>
  </datafield>
  <datafield ind1=" " ind2=" " tag="998">
    <subfield code="s">9115</subfield>
  </datafield>
  <datafield ind1=" " ind2=" " tag="994">
    <subfield code="a">C0</subfield>
    <subfield code="b">PUL</subfield>
  </datafield>
  <datafield ind1=" " ind2=" " tag="999">
    <subfield code="a">3194513</subfield>
  </datafield>
  <datafield ind1="0" ind2="0" tag="852">
    <subfield code="0">3512916</subfield>
    <subfield code="b">nec</subfield>
    <subfield code="t">1</subfield>
    <subfield code="h">DT51</subfield>
    <subfield code="i">.M377 1906</subfield>
  </datafield>
  <datafield ind1=" " ind2="0" tag="866">
    <subfield code="0">3512916</subfield>
    <subfield code="a">Vol. 1-v. 2; v. 4</subfield>
  </datafield>
  <datafield ind1="8" ind2=" " tag="852">
    <subfield code="0">8775951</subfield>
    <subfield code="b">elf1</subfield>
    <subfield code="h">Electronic Resource</subfield>
  </datafield>
  <datafield ind1=" " ind2=" " tag="959">
    <subfield code="a">2000-06-08 00:00:00 -0400</subfield>
  </datafield>
</record>
